%% This BibTeX bibliography file was created using BibDesk.
%% https://bibdesk.sourceforge.io/

%% Created for Benjamin Bloem-Reddy at 2019-08-21 11:27:41 -0700 


%% Saved with string encoding Unicode (UTF-8)

@InProceedings{Titsias:2019,
  author       = {Titsias, Michalis K and Ruiz, Francisco},
  booktitle    = {The 22nd International Conference on Artificial Intelligence and Statistics},
  title        = {Unbiased implicit variational inference},
  year         = {2019},
  organization = {PMLR},
  pages        = {167--176},
}

@InProceedings{Yin:2018,
  author       = {Yin, Mingzhang and Zhou, Mingyuan},
  booktitle    = {International Conference on Machine Learning},
  title        = {Semi-implicit variational inference},
  year         = {2018},
  organization = {PMLR},
  pages        = {5660--5669},
}

@InProceedings{Ranganath:2016,
  author       = {Ranganath, Rajesh and Tran, Dustin and Blei, David},
  booktitle    = {International conference on machine learning},
  title        = {Hierarchical variational models},
  year         = {2016},
  organization = {PMLR},
  pages        = {324--333},
}

@Comment{jabref-meta: databaseType:bibtex;}
